<?xml version="1.0" encoding="UTF-8"?><collection xmlns="http://www.loc.gov/MARC21/slim"><record><leader>00399nam--2200133-i-4500</leader><controlfield tag="001">000008449</controlfield><controlfield tag="002">20161230</controlfield><controlfield tag="005">20161230201027</controlfield><controlfield tag="008">060222s1000------------r-----000-0-eng-d</controlfield><datafield ind1=" " ind2=" " tag="080"><subfield code="a">512.83</subfield></datafield><datafield ind1=" " ind2=" " tag="100"><subfield code="a">Bliefrernich, Manfred /S.A.</subfield></datafield><datafield ind1=" " ind2=" " tag="245"><subfield code="a">Aufgaben zur matrizenrechung und linearen opti mierung mit ausfuhrlichen losungswegen</subfield></datafield><datafield ind1=" " ind2=" " tag="260"><subfield code="a">Berlin, Verlag Die Wirtschaft, 1968. 309 P</subfield></datafield><datafield ind1=" " ind2=" " tag="852"><subfield code="a">28483</subfield></datafield></record></collection>